@inproceedings{ErlebachL10,
  author    = {Thomas Erlebach and
               Erik Jan van Leeuwen},
  title     = {{PTAS} for Weighted Set Cover on Unit Squares},
  booktitle = {Approximation, Randomization, and Combinatorial Optimization. Algorithms
               and Techniques, 13th International Workshop, {APPROX} 2010, and 14th
               International Workshop, {RANDOM} 2010, Barcelona, Spain, September
               1-3, 2010. Proceedings},
  pages     = {166--177},
  year      = {2010},
  crossref  = {DBLP:conf/approx/2010},
  url       = {http://dx.doi.org/10.1007/978-3-642-15369-3_13},
  doi       = {10.1007/978-3-642-15369-3_13},
  timestamp = {Sun, 29 Aug 2010 20:35:26 +0200},
  biburl    = {http://dblp.uni-trier.de/rec/bib/conf/approx/ErlebachL10},
  bibsource = {dblp computer science bibliography, http://dblp.org}
}

@inproceedings{LiJ15,
  author    = {Jian Li and
               Yifei Jin},
  title     = {A {PTAS} for the Weighted Unit Disk Cover Problem},
  booktitle = {Automata, Languages, and Programming - 42nd International Colloquium,
               {ICALP} 2015, Kyoto, Japan, July 6-10, 2015, Proceedings, Part {I}},
  pages     = {898--909},
  year      = {2015},
  crossref  = {DBLP:conf/icalp/2015-1},
  url       = {http://dx.doi.org/10.1007/978-3-662-47672-7_73},
  doi       = {10.1007/978-3-662-47672-7_73},
  timestamp = {Mon, 22 Jun 2015 12:00:28 +0200},
  biburl    = {http://dblp.uni-trier.de/rec/bib/conf/icalp/LiJ15},
  bibsource = {dblp computer science bibliography, http://dblp.org}
}


@article{matt3320,
  author    = {Matt Gibson and
               Imran A. Pirwani},
  title     = {Approximation Algorithms for Dominating Set in Disk Graphs},
  journal   = {CoRR},
  volume    = {abs/1004.3320},
  year      = {2010},
  url       = {http://arxiv.org/abs/1004.3320},
  timestamp = {Mon, 05 Dec 2011 18:03:38 +0100},
  biburl    = {http://dblp.uni-trier.de/rec/bib/journals/corr/abs-1004-3320},
  bibsource = {dblp computer science bibliography, http://dblp.org}
}

@article{Frederickson87,
  author    = {Greg N. Frederickson},
  title     = {Fast Algorithms for Shortest Paths in Planar Graphs, with Applications},
  journal   = {{SIAM} J. Comput.},
  volume    = {16},
  number    = {6},
  pages     = {1004--1022},
  year      = {1987},
  url       = {http://dx.doi.org/10.1137/0216064},
  doi       = {10.1137/0216064},
  timestamp = {Mon, 12 Sep 2011 16:10:10 +0200},
  biburl    = {http://dblp.uni-trier.de/rec/bib/journals/siamcomp/Frederickson87},
  bibsource = {dblp computer science bibliography, http://dblp.org}
}

@article{CarmiDJNPS15,
  author    = {Paz Carmi and
               Gautam K. Das and
               Ramesh K. Jallu and
               Subhas C. Nandy and
               Prajwal R. Prasad and
               Yael Stein},
  title     = {Minimum Dominating Set Problem for Unit Disks Revisited},
  journal   = {Int. J. Comput. Geometry Appl.},
  volume    = {25},
  number    = {3},
  pages     = {227},
  year      = {2015},
  url       = {http://dx.doi.org/10.1142/S0218195915500132},
  doi       = {10.1142/S0218195915500132},
  timestamp = {Mon, 09 Nov 2015 14:27:05 +0100},
  biburl    = {http://dblp.uni-trier.de/rec/bib/journals/ijcga/CarmiDJNPS15},
  bibsource = {dblp computer science bibliography, http://dblp.org}
}

@article{DeDCN13,
  author    = {Minati De and
               Gautam K. Das and
               Paz Carmi and
               Subhas C. Nandy},
  title     = {Approximation Algorithms for a Variant of discrete Piercing Set Problem
               for Unit Disks},
  journal   = {Int. J. Comput. Geometry Appl.},
  volume    = {23},
  number    = {6},
  pages     = {461},
  year      = {2013},
  url       = {http://dx.doi.org/10.1142/S021819591350009X},
  doi       = {10.1142/S021819591350009X},
  timestamp = {Wed, 16 Jul 2014 14:12:44 +0200},
  biburl    = {http://dblp.uni-trier.de/rec/bib/journals/ijcga/DeDCN13},
  bibsource = {dblp computer science bibliography, http://dblp.org}
}

@article{DeL16,
  author    = {Minati De and
               Abhiruk Lahiri},
  title     = {Geometric Dominating Set and Set Cover via Local Search},
  journal   = {CoRR},
  volume    = {abs/1605.02499},
  year      = {2016},
  url       = {http://arxiv.org/abs/1605.02499},
  timestamp = {Wed, 01 Jun 2016 15:51:07 +0200},
  biburl    = {http://dblp.uni-trier.de/rec/bib/journals/corr/DeL16},
  bibsource = {dblp computer science bibliography, http://dblp.org}
}

@inproceedings{Har-PeledQ15,
  author    = {Sariel Har{-}Peled and
               Kent Quanrud},
  title     = {Approximation Algorithms for Polynomial-Expansion and Low-Density
               Graphs},
  booktitle = {Algorithms - {ESA} 2015 - 23rd Annual European Symposium, Patras,
               Greece, September 14-16, 2015, Proceedings},
  pages     = {717--728},
  year      = {2015},
  crossref  = {DBLP:conf/esa/2015},
  url       = {http://dx.doi.org/10.1007/978-3-662-48350-3_60},
  doi       = {10.1007/978-3-662-48350-3_60},
  timestamp = {Wed, 02 Sep 2015 16:09:00 +0200},
  biburl    = {http://dblp.uni-trier.de/rec/bib/conf/esa/Har-PeledQ15},
  bibsource = {dblp computer science bibliography, http://dblp.org}
}


@article{BansalP14,
  author    = {Nikhil Bansal and
               Kirk Pruhs},
  title     = {The Geometry of Scheduling},
  journal   = {{SIAM} J. Comput.},
  volume    = {43},
  number    = {5},
  pages     = {1684--1698},
  year      = {2014},
  url       = {http://dx.doi.org/10.1137/130911317},
  doi       = {10.1137/130911317},
  timestamp = {Wed, 19 Nov 2014 20:25:46 +0100},
  biburl    = {http://dblp.uni-trier.de/rec/bib/journals/siamcomp/BansalP14},
  bibsource = {dblp computer science bibliography, http://dblp.org}
}



@article{McAllisterKS96,
  author    = {Michael McAllister and
               David G. Kirkpatrick and
               Jack Snoeyink},
  title     = {A Compact Piecewise-Linear {V}oronoi Diagram for Convex Sites in 
the
               Plane},
  journal   = DCG,
  volume    = {15},
  number    = {1},
  pages     = {73--105},
  year      = {1996},
  url       = {http://dx.doi.org/10.1007/BF02716580},
  doi       = {10.1007/BF02716580},
  timestamp = {Tue, 24 May 2011 14:19:07 +0200},
  biburl    = {http://dblp.uni-trier.de/rec/bib/journals/dcg/McAllisterKS96},
  bibsource = {dblp computer science bibliography, http://dblp.org}
}




@inproceedings{ErlebachL10,
  author    = {Thomas Erlebach and
               Erik Jan van Leeuwen},
  title     = {{PTAS} for Weighted Set Cover on Unit Squares},
  booktitle = {Approximation, Randomization, and Combinatorial Optimization. 
Algorithms
               and Techniques, 13th International Workshop, {APPROX} 2010, and 
14th
               International Workshop, {RANDOM} 2010, Barcelona, Spain, 
September
               1-3, 2010. Proceedings},
  pages     = {166--177},
  year      = {2010},
  crossref  = {DBLP:conf/approx/2010},
  url       = {http://dx.doi.org/10.1007/978-3-642-15369-3_13},
  doi       = {10.1007/978-3-642-15369-3_13},
  timestamp = {Sun, 29 Aug 2010 20:35:26 +0200},
  biburl    = {http://dblp.uni-trier.de/rec/bib/conf/approx/ErlebachL10},
  bibsource = {dblp computer science bibliography, http://dblp.org}
}





@article{HochbaumM87,
  author    = {Dorit S. Hochbaum and
               Wolfgang Maass},
  title     = {Fast Approximation Algorithms for a Nonconvex Covering Problem},
  journal   = {J. Algorithms},
  volume    = {8},
  number    = {3},
  pages     = {305--323},
  year      = {1987},
  url       = {http://dx.doi.org/10.1016/0196-6774(87)90012-5},
  doi       = {10.1016/0196-6774(87)90012-5},
  timestamp = {Fri, 01 Jul 2011 13:42:45 +0200},
  biburl    = {http://dblp.uni-trier.de/rec/bib/journals/jal/HochbaumM87},
  bibsource = {dblp computer science bibliography, http://dblp.org}
}





@article{HarPel12,
  author    = {Sariel Har{-}Peled and Mira Lee},
  title     = {Weighted geometric set cover problems revisited},
  journal   = {JoCG},
  volume    = {3},
  number    = {1},
  pages     = {65--85},
  year      = {2012},
  url       = {http://jocg.org/index.php/jocg/article/view/77}
}

@article{Chekuri,
  author    = {Chandra Chekuri and Kenneth L. Clarkson and Sariel Har{-}Peled},
  title     = {On the set multicover problem in geometric settings},
  journal   = {{ACM} Transactions on Algorithms},
  volume    = {9},
  number    = {1},
  pages     = {9},
  year      = {2012},
  url       = {http://doi.acm.org/10.1145/2390176.2390185}
}

@inproceedings{LiJ,
  author    = {Jian Li and Yifei Jin},
  title     = {A {PTAS} for the Weighted Unit Disk Cover Problem},
  booktitle = {Automata, Languages, and Programming - 42nd International 
Colloquium, {ICALP} 2015, Kyoto, Japan, July 6-10, 2015, Proceedings, Part {I}},
  pages     = {898--909},
  year      = {2015},
  url       = {http://dx.doi.org/10.1007/978-3-662-47672-7_73}
}

@article{ChangC,
  author    = {Chang, Chi-Yu and Chen, Chi-Chang and Liu, Cheng-Chun},
  title     = {A Novel Approximation Algorithm for Minimum Geometric Disk Cover 
Problem with Hexagon Tessellation},
  journal   = {Advances in Intelligent Systems and Applications - Volume 1},
  volume    = {20},
  pages     = {157--166},
  year      = {2012},
  url       = {http://dx.doi.org/10.1007/978-3-642-35452-6_18}
}

@inproceedings{Mecke,
  author    = {Steffen Mecke and Dorothea Wagner},
  title     = {Solving Geometric Covering Problems by Data Reduction},
  booktitle = {Algorithms - {ESA} 2004, 12th Annual European Symposium, Bergen, 
Norway, September 14-17, 2004, Proceedings},
  pages     = {760--771},
  year      = {2004},
  url       = {http://dx.doi.org/10.1007/978-3-540-30140-0_67}
}

@article{Ray,
  author    = {Nabil H. Mustafa and  Rajiv Raman and Saurabh Ray},
  title     = {Quasi-Polynomial Time Approximation Scheme for Weighted Geometric 
Set Cover on Pseudodisks and Halfspaces},
  journal   = {{SIAM} J. Comput.},
  volume    = {44},
  number    = {1},
  pages     = {1650--1669},
  year      = {2015},
  url       = {http://dx.doi.org/10.1137/14099317X}
}

@inproceedings{Fujita,
  author    = {Satoshi Fujita},
  title     = {Minimum Set Cover of Sparsely Distributed Sensor Nodes by a 
Collection of Unit Disks},
  booktitle = {2014 {IEEE} International Parallel {\&} Distributed Processing 
Symposium Workshops, Phoenix, AZ, USA, May 19-23, 2014},
  pages     = {755--761},
  year      = {2014},
  url       = {http://dx.doi.org/10.1109/IPDPSW.2014.87}
}

@inproceedings{Agarwal,
  author    = {Pankaj K. Agarwal and Jiangwei Pan},
  title     = {Near-Linear Algorithms for Geometric Hitting Sets and Set 
Covers},
  booktitle = {30th Annual Symposium on Computational Geometry, SOCG'14, Kyoto, 
Japan, June 08 - 11, 2014},
  pages     = {271--279},
  year      = {2014},
  url       = {http://doi.acm.org/10.1145/2582112.2582152}
}

@inproceedings{Chan,
  author    = {Timothy M. Chan and Elyot Grant and Jochen K{\"{o}}nemann and 
Malcolm Sharpe},
  title     = {Weighted capacitated, priority, and geometric set cover via 
improved quasi-uniform sampling},
  booktitle = {Proceedings of the Twenty-Third Annual {ACM-SIAM} Symposium on 
Discrete Algorithms, {SODA} 2012, Kyoto, Japan, January 17-19, 2012},
  pages     = {1576--1585},
  year      = {2012},
  url       = {http://dl.acm.org/citation.cfm?id=2095116.2095241}
}

@article{ChanG,
  author    = {Timothy M. Chan and Elyot Grant},
  title     = {Exact algorithms and {APX}-hardness results for geometric packing 
and covering problems},
  journal   = {Comput. Geom.},
  volume    = {47},
  number    = {2},
  pages     = {112--124},
  year      = {2014},
  url       = {http://dx.doi.org/10.1016/j.comgeo.2012.04.001}
}

@inproceedings{Varada,
  author    = {Kasturi R. Varadarajan},
  title     = {Weighted geometric set cover via quasi-uniform sampling},
  booktitle = {Proceedings of the 42nd {ACM} Symposium on Theory of Computing, 
{STOC} 2010, Cambridge, Massachusetts, USA, 5-8 June 2010},
  pages     = {641--648},
  year      = {2010},
  url       = {http://doi.acm.org/10.1145/1806689.1806777},
  doi       = {10.1145/1806689.1806777}
}

@inproceedings{Karp,
  author    = {Richard M Karp},
  title     = {Reducibility among Combinatorial Problems},
  booktitle = {Complexity of Computer Computations},
  pages     = {85--103},
  year      = {1972},
  url       = {http://dx.doi.org/10.1007/978-1-4684-2001-2_9}
}














@article{Quilliot1989477,
title = "Cyclic Orders ",
journal = "European Journal of Combinatorics ",
volume = "10",
number = "5",
pages = "477 - 488",
year = "1989",
note = "",
issn = "0195-6698",
doi = "http://dx.doi.org/10.1016/S0195-6698(89)80022-8",
url = "http://www.sciencedirect.com/science/article/pii/S0195669889800228",
author = "Alain Quilliot"
}




@inproceedings{MustafaR09,
  author    = {Nabil H. Mustafa and
               Saurabh Ray},
  title     = {{PTAS} for geometric hitting set problems via local search},
  booktitle = {Proceedings of the 25th {ACM} Symposium on Computational 
Geometry,
               Aarhus, Denmark, June 8-10, 2009},
  pages     = {17--22},
  year      = {2009},
  crossref  = {DBLP:conf/compgeom/2009},
  url       = {http://doi.acm.org/10.1145/1542362.1542367},
  doi       = {10.1145/1542362.1542367},
  timestamp = {Fri, 30 Jan 2015 14:53:39 +0100},
  biburl    = {http://dblp.uni-trier.de/rec/bib/conf/compgeom/MustafaR09},
  bibsource = {dblp computer science bibliography, http://dblp.org}
}





@phdthesis{Viggo-Kann-Thesis,

author={ Viggo Kann},
 title={On the Approximability
of NP-complete
Optimization Problems},
 school={Royal Institute of Technology},

 year={1992}


}




@article{Feige98,
  author    = {Uriel Feige},
  title     = {A Threshold of ln \emph{n} for Approximating Set Cover},
  journal   = {J. {ACM}},
  volume    = {45},
  number    = {4},
  pages     = {634--652},
  year      = {1998},
  url       = {http://doi.acm.org/10.1145/285055.285059},
  doi       = {10.1145/285055.285059},
  timestamp = {Thu, 20 Nov 2003 12:28:08 +0100},
  biburl    = {http://dblp.uni-trier.de/rec/bib/journals/jacm/Feige98},
  bibsource = {dblp computer science bibliography, http://dblp.org}
}




@inproceedings{DinurS14,
  author    = {Irit Dinur and
               David Steurer},
  title     = {Analytical approach to parallel repetition},
  booktitle = {Symposium on Theory of Computing, {STOC} 2014, New York, NY, USA,
               May 31 - June 03, 2014},
  pages     = {624--633},
  year      = {2014},
  crossref  = {DBLP:conf/stoc/2014},
  url       = {http://doi.acm.org/10.1145/2591796.2591884},
  doi       = {10.1145/2591796.2591884},
  timestamp = {Wed, 18 Jun 2014 08:38:28 +0200},
  biburl    = {http://dblp.uni-trier.de/rec/bib/conf/stoc/DinurS14},
  bibsource = {dblp computer science bibliography, http://dblp.org}
}







@TechReport{Dartmouth:TR86-132,
  author = {L. Paul Chew and Robert L. Scot Drysdale},
  title = {{Voronoi Diagrams Based on Convex Distance Functions}},
  institution = {Dartmouth College, Computer Science},
  address = {Hanover, NH},
  number = {PCS-TR86-132},
  year = {1986},
  comment = {
    A preliminary version appeared in the proceedings of the first annual 
symposium on Computational geometry 
  }
  
 } 


 
 
@book{KelleyN,
  author    = {J.L. Kelley and
               I. Namioka},
  title     = {Linear Topological Spaces},
  publisher = {Springer-Verlag},
  year      = {1976}
  
}

 
 
 
 
 @inproceedings{ChewD85,
  author    = {L. Paul Chew and
               Robert L. (Scot) Drysdale III},
  title     = {Voronoi diagrams based on convex distance functions},
  booktitle = {Proceedings of the First Annual Symposium on Computational 
Geometry,
               Baltimore, Maryland, USA, June 5-7, 1985},
  pages     = {235--244},
  year      = {1985},
  crossref  = {DBLP:conf/compgeom/1985},
  url       = {http://doi.acm.org/10.1145/323233.323264},
  doi       = {10.1145/323233.323264},
  timestamp = {Fri, 30 Jan 2015 14:53:40 +0100},
  biburl    = {http://dblp.uni-trier.de/rec/bib/conf/compgeom/ChewD85},
  bibsource = {dblp computer science bibliography, http://dblp.org}
}



@article{Frederickson87,
  author    = {Greg N. Frederickson},
  title     = {Fast Algorithms for Shortest Paths in Planar Graphs, with 
Applications},
  journal   = {{SIAM} J. Comput.},
  volume    = {16},
  number    = {6},
  pages     = {1004--1022},
  year      = {1987},
  url       = {http://dx.doi.org/10.1137/0216064},
  doi       = {10.1137/0216064},
  timestamp = {Mon, 12 Sep 2011 16:10:10 +0200},
  biburl    = 
{http://dblp.uni-trier.de/rec/bib/journals/siamcomp/Frederickson87},
  bibsource = {dblp computer science bibliography, http://dblp.org}
}


@inproceedings{KleinW88,
  author    = {Rolf Klein and
               Derick Wood},
  title     = {Voronoi Diagrams Based on General Metrics in the Plane},
  booktitle = {{STACS} 88, 5th Annual Symposium on Theoretical Aspects of 
Computer
               Science, Bordeaux, France, February 11-13, 1988, Proceedings},
  pages     = {281--291},
  year      = {1988},
  crossref  = {DBLP:conf/stacs/1988},
  url       = {http://dx.doi.org/10.1007/BFb0035852},
  doi       = {10.1007/BFb0035852},
  timestamp = {Mon, 05 Oct 2009 15:47:58 +0200},
  biburl    = {http://dblp.uni-trier.de/rec/bib/conf/stacs/KleinW88},
  bibsource = {dblp computer science bibliography, http://dblp.org}
}




@inproceedings{Marx06,
  author    = {D{\'{a}}niel Marx},
  title     = {Parameterized Complexity of Independence and Domination on 
Geometric
               Graphs},
  booktitle = {Parameterized and Exact Computation, Second International 
Workshop,
               {IWPEC} 2006, Z{\"{u}}rich, Switzerland, September 13-15, 2006,
               Proceedings},
  pages     = {154--165},
  year      = {2006},
  crossref  = {DBLP:conf/iwpec/2006},
  url       = {http://dx.doi.org/10.1007/11847250_14},
  doi       = {10.1007/11847250_14},
  timestamp = {Mon, 06 Nov 2006 14:21:16 +0100},
  biburl    = {http://dblp.uni-trier.de/rec/bib/conf/iwpec/Marx06},
  bibsource = {dblp computer science bibliography, http://dblp.org}
}



@article{Marx08,
  author    = {D{\'{a}}niel Marx},
  title     = {Parameterized Complexity and Approximation Algorithms},
  journal   = {Comput. J.},
  volume    = {51},
  number    = {1},
  pages     = {60--78},
  year      = {2008},
  url       = {http://dx.doi.org/10.1093/comjnl/bxm048},
  doi       = {10.1093/comjnl/bxm048},
  timestamp = {Mon, 14 Jan 2008 15:08:33 +0100},
  biburl    = {http://dblp.uni-trier.de/rec/bib/journals/cj/Marx08},
  bibsource = {dblp computer science bibliography, http://dblp.org}
}





@inproceedings{ErlebachL08,
  author    = {Thomas Erlebach and
               Erik Jan van Leeuwen},
  title     = {Domination in Geometric Intersection Graphs},
  booktitle = {{LATIN} 2008: Theoretical Informatics, 8th Latin American 
Symposium,
               B{\'{u}}zios, Brazil, April 7-11, 2008, Proceedings},
  pages     = {747--758},
  year      = {2008},
  crossref  = {DBLP:conf/latin/2008},
  url       = {http://dx.doi.org/10.1007/978-3-540-78773-0_64},
  doi       = {10.1007/978-3-540-78773-0_64},
  timestamp = {Mon, 05 May 2008 21:42:53 +0200},
  biburl    = {http://dblp.uni-trier.de/rec/bib/conf/latin/ErlebachL08},
  bibsource = {dblp computer science bibliography, http://dblp.org}
}



@phdthesis{Leeuwen-Thesis,

author={ Erik Jan van Leeuwen},
 title={Optimization and Approximation on Systems of Geometric Objects},
 school={University of Amsterdam},

 year={2009}


}






@inproceedings{GibsonP10,
  author    = {Matt Gibson and
               Imran A. Pirwani},
  title     = {Algorithms for Dominating Set in Disk Graphs: Breaking the 
log\emph{n}
               Barrier - (Extended Abstract)},
  booktitle = {Algorithms - {ESA} 2010, 18th Annual European Symposium, 
Liverpool,
               UK, September 6-8, 2010. Proceedings, Part {I}},
  pages     = {243--254},
  year      = {2010},
  crossref  = {DBLP:conf/esa/2010-1},
  url       = {http://dx.doi.org/10.1007/978-3-642-15775-2_21},
  doi       = {10.1007/978-3-642-15775-2_21},
  timestamp = {Mon, 06 Sep 2010 10:41:40 +0200},
  biburl    = {http://dblp.uni-trier.de/rec/bib/conf/esa/GibsonP10},
  bibsource = {dblp computer science bibliography, http://dblp.org}
}




@book{GareyJ79,
  author    = {M. R. Garey and
               David S. Johnson},
  title     = {Computers and Intractability: {A} Guide to the Theory of 
NP-Completeness},
  publisher = {W. H. Freeman},
  year      = {1979},
  isbn      = {0-7167-1044-7},
  timestamp = {Thu, 29 Mar 2007 16:16:40 +0200},
  biburl    = {http://dblp.uni-trier.de/rec/bib/books/fm/GareyJ79},
  bibsource = {dblp computer science bibliography, http://dblp.org}
}


@inproceedings{RazS97,
  author    = {Ran Raz and
               Shmuel Safra},
  title     = {A Sub-Constant Error-Probability Low-Degree Test, and a 
Sub-Constant
               Error-Probability {PCP} Characterization of {NP}},
  booktitle = {Proceedings of the Twenty-Ninth Annual {ACM} Symposium on the 
Theory
               of Computing, El Paso, Texas, USA, May 4-6, 1997},
  pages     = {475--484},
  year      = {1997},
  crossref  = {DBLP:conf/stoc/1997},
  url       = {http://doi.acm.org/10.1145/258533.258641},
  doi       = {10.1145/258533.258641},
  timestamp = {Thu, 16 Feb 2012 12:07:30 +0100},
  biburl    = {http://dblp.uni-trier.de/rec/bib/conf/stoc/RazS97},
  bibsource = {dblp computer science bibliography, http://dblp.org}
}



@inproceedings{LenzenW10,
  author    = {Christoph Lenzen and
               Roger Wattenhofer},
  title     = {Minimum Dominating Set Approximation in Graphs of Bounded 
Arboricity},
  booktitle = {Distributed Computing, 24th International Symposium, {DISC} 2010,
               Cambridge, MA, USA, September 13-15, 2010. Proceedings},
  pages     = {510--524},
  year      = {2010},
  crossref  = {DBLP:conf/wdag/2010},
  url       = {http://dx.doi.org/10.1007/978-3-642-15763-9_48},
  doi       = {10.1007/978-3-642-15763-9_48},
  timestamp = {Fri, 27 Aug 2010 10:48:01 +0200},
  biburl    = {http://dblp.uni-trier.de/rec/bib/conf/wdag/LenzenW10},
  bibsource = {dblp computer science bibliography, http://dblp.org}
}



@inproceedings{ChanH09,
  author    = {Timothy M. Chan and
               Sariel Har{-}Peled},
  title     = {Approximation algorithms for maximum independent set of 
pseudo-disks},
  booktitle = {Proceedings of the 25th {ACM} Symposium on Computational 
Geometry,
               Aarhus, Denmark, June 8-10, 2009},
  pages     = {333--340},
  year      = {2009},
  crossref  = {DBLP:conf/compgeom/2009},
  url       = {http://doi.acm.org/10.1145/1542362.1542420},
  doi       = {10.1145/1542362.1542420},
  timestamp = {Fri, 30 Jan 2015 14:53:39 +0100},
  biburl    = {http://dblp.uni-trier.de/rec/bib/conf/compgeom/ChanH09},
  bibsource = {dblp computer science bibliography, http://dblp.org}
}


@article{MustafaR10,
  author    = {Nabil H. Mustafa and
               Saurabh Ray},
  title     = {Improved Results on Geometric Hitting Set Problems},
  journal   = {Discrete {\&} Computational Geometry},
  volume    = {44},
  number    = {4},
  pages     = {883--895},
  year      = {2010},
  url       = {http://dx.doi.org/10.1007/s00454-010-9285-9},
  doi       = {10.1007/s00454-010-9285-9},
  timestamp = {Thu, 28 Oct 2010 07:25:04 +0200},
  biburl    = {http://dblp.uni-trier.de/rec/bib/journals/dcg/MustafaR10},
  bibsource = {dblp computer science bibliography, http://dblp.org}
}



@inproceedings{AdamaszekW14,
  author    = {Anna Adamaszek and
               Andreas Wiese},
  title     = {A {QPTAS} for Maximum Weight Independent Set of Polygons with 
Polylogarithmically
               Many Vertices},
  booktitle = {Proceedings of the Twenty-Fifth Annual {ACM-SIAM} Symposium on 
Discrete
               Algorithms, {SODA} 2014, Portland, Oregon, USA, January 5-7, 
2014},
  pages     = {645--656},
  year      = {2014},
  crossref  = {DBLP:conf/soda/2014},
  url       = {http://dx.doi.org/10.1137/1.9781611973402.49},
  doi       = {10.1137/1.9781611973402.49},
  timestamp = {Wed, 12 Feb 2014 20:27:53 +0100},
  biburl    = {http://dblp.uni-trier.de/rec/bib/conf/soda/AdamaszekW14},
  bibsource = {dblp computer science bibliography, http://dblp.org}
}



@inproceedings{MustafaRR14,
  author    = {Nabil H. Mustafa and
               Rajiv Raman and
               Saurabh Ray},
  title     = {Settling the {APX}-Hardness Status for Geometric Set Cover},
  booktitle = {55th {IEEE} Annual Symposium on Foundations of Computer Science, 
{FOCS}
               2014, Philadelphia, PA, USA, October 18-21, 2014},
  pages     = {541--550},
  year      = {2014},
  crossref  = {DBLP:conf/focs/2014},
  url       = {http://dx.doi.org/10.1109/FOCS.2014.64},
  doi       = {10.1109/FOCS.2014.64},
  timestamp = {Sun, 14 Dec 2014 18:49:29 +0100},
  biburl    = {http://dblp.uni-trier.de/rec/bib/conf/focs/MustafaRR14},
  bibsource = {dblp computer science bibliography, http://dblp.org}
}



@inproceedings{Cohen-AddadM15,
  author    = {Vincent Cohen{-}Addad and
               Claire Mathieu},
  title     = {Effectiveness of Local Search for Geometric Optimization},
  booktitle = {31st International Symposium on Computational Geometry, SoCG 
2015,
               June 22-25, 2015, Eindhoven, The Netherlands},
  pages     = {329--343},
  year      = {2015},
  crossref  = {DBLP:conf/compgeom/2015},
  url       = {http://dx.doi.org/10.4230/LIPIcs.SOCG.2015.329},
  doi       = {10.4230/LIPIcs.SOCG.2015.329},
  timestamp = {Mon, 15 Jun 2015 17:02:26 +0200},
  biburl    = {http://dblp.uni-trier.de/rec/bib/conf/compgeom/Cohen-AddadM15},
  bibsource = {dblp computer science bibliography, http://dblp.org}
}








%%%%%%%%%%%%%%%%%%%  



@phdthesis{De-Minati-Thesis,

author={Minati De},
 title={Space-efficient Algorithms for Geometric Optimization Problems},
 school={Indian Statistical Institute},
 supervisor={Subhas C. Nandy},
 year={2013}


}






@article{Graham72,
  author    = {R.L. Graham},
  title     = {An efficient algorithm for determining the
               convex hull of a finite planar set },
  journal   = {Inform. Process. Lett.},
  volume    = {1},
  
  year      = {1972},
  pages     = {132-133},
  
}


@article{KirkpatrickS86,
  author    = {David G. Kirkpatrick and
               Raimund Seidel},
  title     = {The Ultimate Planar Convex Hull Algorithm?},
  journal   = {SIAM J. Comput.},
  volume    = {15},
  number    = {1},
  year      = {1986},
  pages     = {287-299},
  ee        = {http://dx.doi.org/10.1137/0215021},
  bibsource = {DBLP, http://dblp.uni-trier.de}
}

@article{Corman,
  author    = "M. Korman", 
title="Private Communication", 
year="January 7, 2013"
}

@article{Khachiyan,
  author    = "L. Khachiyan", 
title="A polynomial algorithm in linear programming", 
  journal   = {Soviet
Math. Doklady},
  volume    = {20},
  year      = {1979},
  pages     = {191-194},
}



%%%%%%%%%%%%%%%%%%%  

@Book{PS90,
	author = "F. P. Preparata and M. I. Shamos",
	title = "Computational Geometry: An Introduction",
	booktitle = "second edition, Springer-Verlag",
	year = "1990"
}


%%%%%%%%%%%%%%%%%%%%%

@INPROCEEDINGS{Welzl91,
    author = {Emo Welzl},
    title = {Smallest Enclosing Disks (balls and Ellipsoids)},
    booktitle = {Results and New Trends in Computer Science},
    year = {1991},
    pages = {359--370},
    publisher = {Springer-Verlag}
}
@article{ChanC10,
  author    = {Timothy M. Chan and
               Eric Y. Chen},
  title     = {Optimal in-place and cache-oblivious algorithms for 3-d
               convex hulls and 2-d segment intersection},
  journal   = {Comput. Geom.},
  volume    = {43},
  number    = {8},
  year      = {2010},
  pages     = {636-646},
  ee        = {http://dx.doi.org/10.1016/j.comgeo.2010.04.005},
  bibsource = {DBLP, http://dblp.uni-trier.de}
}


@article{Skyum91,
  author    = {Sven Skyum},
  title     = {A Simple Algorithm for Computing the Smallest Enclosing
               Circle},
  journal   = {Inf. Process. Lett.},
  volume    = {37},
  number    = {3},
  year      = {1991},
  pages     = {121-125},
  ee        = {http://dx.doi.org/10.1016/0020-0190(91)90030-L},
  bibsource = {DBLP, http://dblp.uni-trier.de}
}

@article{sylvester,
  author    = {J. J. Sylvester},
  title     = {A Question in the Geometry of Situation},
  journal   = {Quarterly Journal of Mathemaitcs},
  volume    = {1},
  year      = {1857},
  pages     = {79}
}

@article{EH72,
  author    = {D. J. Elzinga and D. W. Hearn},
  title     = {Geometrical solutions for some
minimax location problems},
  journal   = {Transportation Science},
  volume    = {6},
  number    = {4},
  year      = {1972},
  pages     = {379-394}
}



@article{D86,
  author    = {M. E. Dyer},
  title     = {On a multidimensional search technique and its
application to the euclidean one-centre problem},
  journal   = {SIAM J. Comput.},
  volume    = {15},
  number    = {3},
  year      = {1986},
  pages     = {725-738}
}



@article{Megiddo83a,
  author    = {Nimrod Megiddo},
  title     = "Linear-Time Algorithms for Linear Programming in ${\IR}^3$
               and Related Problems",
  journal   = {SIAM J. Comput.},
  volume    = {12},
  number    = {4},
  year      = {1983},
  pages     = {759-776},

}

@article{Megiddo83b,
  author    = {Nimrod Megiddo},
  title     = "The weighted Euclidean 1-center problem",
  journal   = {Mathematics of Operations Research},
  volume    = {8},
  number    = {4},
  year      = {1983},
  pages     = {498-504},

}

@article{Megiddo83,
  author    = {Nimrod Megiddo},
  title     = {Applying Parallel Computation Algorithms in the Design of
               Serial Algorithms},
  journal   = {J. ACM},
  volume    = {30},
  number    = {4},
  year      = {1983},
  pages     = {852-865},
  ee        = {http://doi.acm.org/10.1145/2157.322410},
  bibsource = {DBLP, http://dblp.uni-trier.de}
}

@article{Chandrasekaran82,
  author    = {R. Chandrasekaran},
  title     = "The weighted Euclidean 1-center problem",
  journal   = {Operations Research Letters},
  volume    = {1},
  number    = {3},
  year      = {1982},
  pages     = {111-112},
}


@article{MegiddoZ86,
  author    = {Nimrod Megiddo and
               Eitan Zemel},
  title     = {An O(n log n) Randomizing Algorithm for the Weighted Euclidean
               1-Center Problem},
  journal   = {J. Algorithms},
  volume    = {7},
  number    = {3},
  year      = {1986},
  pages     = {358-368},
  ee        = {http://dx.doi.org/10.1016/0196-6774(86)90027-1},
  bibsource = {DBLP, http://dblp.uni-trier.de}
}



%%%%%%%%%%%%%%%%%%%   space-efficient reference


@article{mati,
  author    = {
               Matias Korman},
  title     = {Private Communication},
  
}


@article{barba,
  author    = {Luis Barba and
               Matias Korman and
               Stefan Langerman and
               Kunikiko Sadakane and
               Rodrigo I. Silveira},
  title     = {Space-Time Trade-offs for Stack-Based Algorithms},
  journal   = {CoRR},
  volume    = {abs/1208.3663},
  year      = {2012},
  ee        = {http://arxiv.org/abs/1208.3663},
  bibsource = {DBLP, http://dblp.uni-trier.de}
}


@inproceedings{BarbaKLSS13,
  author    = {Luis Barba and
               Matias Korman and
               Stefan Langerman and
               Rodrigo I. Silveira and
               Kunihiko Sadakane},
  title     = {Space-Time Trade-offs for Stack-Based Algorithms},
  booktitle = {STACS},
  year      = {2013},
  pages     = {281-292},
  ee        = {http://dx.doi.org/10.4230/LIPIcs.STACS.2013.281},
  crossref  = {DBLP:conf/stacs/2013},
  bibsource = {DBLP, http://dblp.uni-trier.de}
}




@article{ChanC07,
  author    = {Timothy M. Chan and
               Eric Y. Chen},
  title     = {Multi-Pass Geometric Algorithms},
  journal   = {Discrete {\&} Computational Geometry},
  volume    = {37},
  number    = {1},
  year      = {2007},
  pages     = {79-102},
  ee        = {http://dx.doi.org/10.1007/s00454-006-1275-6},
  bibsource = {DBLP, http://dblp.uni-trier.de}
}

@inproceedings{Karmarkar,
  author    = {N. Karmarkar},
  title     = {A new polynomial-time algorithm for linear programming},
  booktitle = {STOC},
  year      = {1984},
  pages     = {302-311},
}

 

@inproceedings{Chan09,
  author    = {Timothy M. Chan},
  title     = {Comparison-based time-space lower bounds for selection},
  booktitle = {SODA},
  year      = {2009},
  pages     = {140-149},
  ee        = {http://doi.acm.org/10.1145/1496770.1496787},
  crossref  = {DBLP:conf/soda/2009},
  bibsource = {DBLP, http://dblp.uni-trier.de}
}

@inproceedings{D12,
  author    = {Minati De and Subhas C. Nandy and Sasanka Roy},
  title     = {Minimum enclosing circle with few extra variables},
  booktitle = {FSTTCS},
  year      = {2012}
}

@inproceedings{AsanoD11,
  author    = {Tetsuo Asano and
               Benjamin Doerr},
  title     = {Memory-Constrained Algorithms for Shortest Path Problem},
  booktitle = {CCCG},
  year      = {2011},
  ee        = {http://www.cccg.ca/proceedings/2011/papers/paper15.pdf},
  crossref  = {DBLP:conf/cccg/2011},
  bibsource = {DBLP, http://dblp.uni-trier.de}
}





@article{MunroR96,
  author    = {J. Ian Munro and
               Venkatesh Raman},
  title     = {Selection from Read-Only Memory and Sorting with Minimum
               Data Movement},
  journal   = {Theor. Comput. Sci.},
  volume    = {165},
  number    = {2},
  year      = {1996},
  pages     = {311-323},
  ee        = {http://dx.doi.org/10.1016/0304-3975(95)00225-1},
  bibsource = {DBLP, http://dblp.uni-trier.de}
}





@inproceedings{CarlssonS95,
  author    = {Svante Carlsson and
               Mikael Sundstr{\"o}m},
  title     = {Linear-time In-place Selection in Less than 3n Comparisons},
  booktitle = {ISAAC},
  year      = {1995},
  pages     = {244-253},
  ee        = {http://dx.doi.org/10.1007/BFb0015429},
  crossref  = {DBLP:conf/isaac/1995},
  bibsource = {DBLP, http://dblp.uni-trier.de}
}

@article{BV,
  author    = {Henrik Blunck and
               Jan Vahrenhold},
  title     = {In-Place Algorithms for Computing (Layers of) Maxima},
  journal   = {Algorithmica},
  volume    = {57},
  number    = {1},
  year      = {2010},
  pages     = {1-21},
  ee        = {http://dx.doi.org/10.1007/s00453-008-9193-z},
  bibsource = {DBLP, http://dblp.uni-trier.de}
}

@inproceedings{BronnimannIKMMT02,
  author    = {Herv{\'e} Br{\"o}nnimann and
               John Iacono and
               Jyrki Katajainen and
               Pat Morin and
               Jason Morrison and
               Godfried T. Toussaint},
  title     = {In-Place Planar Convex Hull Algorithms},
  booktitle = {LATIN},
  year      = {2002},
  pages     = {494-507},
  ee        = {http://dx.doi.org/10.1007/3-540-45995-2_43},
  crossref  = {DBLP:conf/latin/2002},
  bibsource = {DBLP, http://dblp.uni-trier.de}
}


@inproceedings{BCC04,
  author    = {H. Br{\"o}nnimann and
               T. M. Chan and
               E. Y. Chen},
  title     = {Towards in-place geometric algorithms and data structures},
  booktitle = {Symp. on Comput. Geom.},
  year      = {2004},
  pages     = {239-246}
}

%%%update B04 as BronnimannIKMMT04
@article{BronnimannIKMMT04,
  author    = {Herv{\'e} Br{\"o}nnimann and
               John Iacono and
               Jyrki Katajainen and
               Pat Morin and
               Jason Morrison and
               Godfried T. Toussaint},
  title     = {Space-efficient planar convex hull algorithms},
  journal   = {Theor. Comput. Sci.},
  volume    = {321},
  number    = {1},
  year      = {2004},
  pages     = {25-40},
  ee        = {http://dx.doi.org/10.1016/j.tcs.2003.05.004},
  bibsource = {DBLP, http://dblp.uni-trier.de}
}



@inproceedings{Vahrenhold12,
  author    = {J. Vahrenhold},
  title     = {On the Space Efficiency of the ``Ultimate Planar Convex Hull
Algorithm" },
  booktitle = {CCCG},
  year      = {2012},
  pages     = {131-136},
 
}




@inproceedings{CC03,
  author    = {E. Y. Chen and
               T. M. Chan},
  title     = {A Space-Efficient Algorithm for Segment Intersection},
  booktitle = {CCCG},
  year      = {2003},
  pages     = {68-71},
  bibsource = {DBLP, http://dblp.uni-trier.de}
}

@article{AsanoMRW11,
  author    = {Tetsuo Asano and
               Wolfgang Mulzer and
               G{\"u}nter Rote and
               Yajun Wang},
  title     = {Constant-Work-Space Algorithms for Geometric Problems},
  journal   = {JoCG},
  volume    = {2},
  number    = {1},
  year      = {2011},
  pages     = {46-68},
  ee        = {http://jocg.org/index.php/jocg/article/view/30},
  bibsource = {DBLP, http://dblp.uni-trier.de}
}


@inproceedings{AR,
  author    = {T. Asano and
               G. Rote},
  title     = {Constant-Working-Space Algorithms for Geometric Problems},
  booktitle = {CCCG},
  year      = {2009},
  pages     = {87-90},
  ee        = {http://cccg.ca/proceedings/2009/cccg09_23.pdf},
  crossref  = {DBLP:conf/cccg/2009},
  bibsource = {DBLP, http://dblp.uni-trier.de}
}

@article{BMM07,
  author    = {P. Bose and
               A. Maheshwari and
               P. Morin and
               J. Morrison and
               M. H. M. Smid and
               J. Vahrenhold},
  title     = {Space-efficient geometric divide-and-conquer algorithms},
  journal   = {Comput. Geom.},
  volume    = {37},
  number    = {3},
 year      = {2007},
  pages     = {209-227},
  ee        = {http://dx.doi.org/10.1016/j.comgeo.2006.03.006},
  bibsource = {DBLP, http://dblp.uni-trier.de}
}




@article{FG,
 author = {Franceschini, Gianni and Geffert, Viliam},
 title = {An in-place sorting with O(nlog n) comparisons and O(n) moves},
 journal = {J. ACM},
 volume = {52},
 issue = {4},
 month = {July},
 year = {2005},
 issn = {0004-5411},
 pages = {515--537},
 numpages = {23},
 url = {http://doi.acm.org/10.1145/1082036.1082037},
 doi = {http://doi.acm.org/10.1145/1082036.1082037},
 acmid = {1082037},
 publisher = {ACM}
 
} 


@article{ChanChen2010,
  author    = {Timothy M. Chan and
               Eric Y. Chen},
  title     = {Optimal in-place and cache-oblivious algorithms for 3-d
               convex hulls and 2-d segment intersection},
  journal   = {Comput. Geom.},
  volume    = {43},
  number    = {8},
  year      = {2010},
  pages     = {636-646},
  ee        = {http://dx.doi.org/10.1016/j.comgeo.2010.04.005},
  bibsource = {DBLP, http://dblp.uni-trier.de}
}

@article{Vahrenhold07,
  author    = {Jan Vahrenhold},
  title     = {Line-segment intersection made in-place},
  journal   = {Comput. Geom.},
  volume    = {38},
  number    = {3},
  year      = {2007},
  pages     = {213-230},
  ee        = {http://dx.doi.org/10.1016/j.comgeo.2006.09.001},
  bibsource = {DBLP, http://dblp.uni-trier.de}
}



@article{abs-1112-5904,
  author    = {Tetsuo Asano and
               Kevin Buchin and
               Maike Buchin and
               Matias Korman and
               Wolfgang Mulzer and
               G{\"u}nter Rote and
               Andr{\'e} Schulz},
  title     = {Memory-Constrained Algorithms for Simple Polygons},
  journal   = {CoRR},
  volume    = {abs/1112.5904},
  year      = {2011},
  ee        = {http://arxiv.org/abs/1112.5904},
  bibsource = {DBLP, http://dblp.uni-trier.de}
}
%%%%%%%%%%%%%%%%%%%%%%%%%%%%%%%%%%%%%%%%%%%%%





%%%%%%% NO Need to site
@article{MS84,
  author    = {N. Megiddo and K. J. Supowit},
  title     = {On the complexity of some common geometric location problems},
  journal   = {SIAM J. Comput.},
  volume    = {13},
  number    = {1},
  year      = {1984},
  pages     = {182-196}
}


@article{Megiddo84x,
  author    = {Nimrod Megiddo},
  title     = {Linear Programming in Linear Time When the Dimension Is
               Fixed},
  journal   = {J. ACM},
  volume    = {31},
  number    = {1},
  year      = {1984},
  pages     = {114-127},
  ee        = {http://doi.acm.org/10.1145/2422.322418},
  bibsource = {DBLP, http://dblp.uni-trier.de}
}

@article{Seidel91,
  author    = {Raimund Seidel},
  title     = {Small-Dimensional Linear Programming and Convex Hulls Made
               Easy},
  journal   = {Discrete {\&} Computational Geometry},
  volume    = {6},
  year      = {1991},
  pages     = {423-434},
  ee        = {http://dx.doi.org/10.1007/BF02574699},
  bibsource = {DBLP, http://dblp.uni-trier.de}
}

@inproceedings{Borodin,
 author = {Borodin, A. and Cook, S.},
 title = {A time-space tradeoff for sorting on a general sequential model of
computation},
 booktitle = {STOC},
 year = {1980},

 pages = {294--301},
 numpages = {8},
 url = {http://doi.acm.org/10.1145/800141.804677},
 doi = {10.1145/800141.804677},
 acmid = {804677},

 
} 

@article{RamanR99,
  author    = {Venkatesh Raman and
               Sarnath Ramnath},
  title     = {Improved Upper Bounds for Time-Space Trade-offs for Selection},
  journal   = {Nord. J. Comput.},
  volume    = {6},
  number    = {2},
  year      = {1999},
  pages     = {162-180},
  bibsource = {DBLP, http://dblp.uni-trier.de}
}



@article{DNR,
  author    = {Minati De and
               Subhas C. Nandy and
               Sasanka Roy},
  title     = {Convex Hull and Linear Programming in Read-only Setup with
               Limited Work-space},
  journal   = {CoRR},
  volume    = {abs/1212.5353},
  year      = {2012},
  ee        = {http://arxiv.org/abs/1212.5353},
  bibsource = {DBLP, http://dblp.uni-trier.de}
}

@article{M89,
  author    = {Nimrod Megiddo},
  title     = {On the ball spanned by balls},
  journal   = {Discrete Computational Geometry},
  volume    = {4},
  year      = {1989},
  pages     = {605-610}
}